
@misc{curl,
author = {Curl},
title = {curl/curl},
howpublished = {\url{https://github.com/curl/curl}}
}



@misc{quiche,
author = {Cloudflare},
title = {cloudflare/quiche},
howpublished = {\url{https://gitnub.com/cloudflare/quiche}}
}